@article{Bennett1997Strengths,
	author = {Bennett, Charles H. and Bernstein, Ethan and Brassard, Gilles and Vazirani, Umesh},
	journal = {SIAM Journal on Computing},
	number = {5},
	year = {1997},
	month = {10},
	pages = {1510--1523},
	publisher = {Society for Industrial & Applied Mathematics (SIAM)},
	title = {Strengths and {Weaknesses} of {Quantum} {Computing}},
	volume = {26},
}
@inproceedings{Lee2011Quantum,
	author = {Lee, Troy and Mittal, Rajat and Reichardt, Ben W. and palek, Robert and Szegedy, Mario},
	booktitle = {2011 {IEEE} 52nd {Annual} {Symposium} on {Foundations} of {Computer} {Science}},
	year = {2011},
	month = {10},
	organization = {IEEE},
	title = {Quantum {Query} {Complexity} of {State} {Conversion}},
}
@misc{belovs2015variations,
	author = {Belovs, Aleksandrs},
	year = {2015},
	publisher = {https://arxiv.org/abs/1504.06943},
	title = {Variations on {Quantum} {Adversary}},
}
@book{brandeho2015universal,
	author = {Brandeho, Mathieu and Roland, J{\' e}r{\' e}mie},
	year = {2015},
	publisher = {https://arxiv.org/abs/1409.3558},
	title = {A universal adiabatic quantum query algorithm},
}
@article{Barnum2007Semidefinite,
	author = {Barnum, Howard},
	journal = {CoRR},
	year = {2007},
	title = {Semidefinite programming characterization and spectral adversary method for quantum complexity with noncommuting unitary queries},
	volume = {abs/quant-ph/0703141},
}
@article{childs2017lecture,
	author = {Childs, Andrew M},
	title = {Lecture notes on quantum algorithms},
}
@article{Chiribella2009Theoretical,
	author = {Chiribella, Giulio and D\textquoteright{}Ariano, Giacomo Mauro and Perinotti, Paolo},
	journal = {Physical Review A},
	number = {2},
	year = {2009},
	publisher = {American Physical Society (APS)},
	title = {Theoretical framework for quantum networks},
	volume = {80},
}
@inproceedings{Gutoski2007Toward,
	author = {Gutoski, Gus and Watrous, John},
	booktitle = {Proceedings of the thirty-ninth annual {ACM} symposium on {Theory} of computing  - {STOC} '07},
	year = {2007},
	organization = {ACM Press},
	title = {Toward a general theory of quantum games},
}
@book{nielsen2002quantum,
	author = {Nielsen, Michael A and Chuang, Isaac},
	year = {2002},
	publisher = {American Association of Physics Teachers},
	title = {Quantum computation and quantum information},
}
@inproceedings{BarnumQuantum,
	author = {Barnum, H. and Saks, M. and Szegedy, M.},
	booktitle = {18th {IEEE} {Annual} {Conference} on {Computational} {Complexity}, 2003. {Proceedings}.},
	organization = {IEEE Comput. Soc},
	title = {Quantum query complexity and semi-definite programming},
}
@misc{OzolsUnitaryEquivalence,
	author = {Ozols, Maris},
	year = {2012},
	howpublished = {\url{https://marozols.wordpress.com/2012/05/09/unitary-equivalence-of-purifications/}},
	title = {Unitary equivalence of purifications },
}
@book{Jeffery2022Multidimensional,
	author = {Jeffery, Stacey and Zur, Sebastian},
	year = {2022},
	publisher = {arXiv},
	title = {Multidimensional {Quantum} {Walks}, with {Application} to k-{Distinctness}},
}
@inproceedings{belovskdistinctness,
	author = {Belovs, Aleksandrs},
	booktitle = {2012 {IEEE} 53rd {Annual} {Symposium} on {Foundations} of {Computer} {Science}},
	year = {2012},
	pages = {207--216},
	title = {Learning-{Graph}-{Based} {Quantum} {Algorithm} for k-{Distinctness}},
}
@inproceedings{LasVegas,
	author = {Belovs, Aleksandrs and Yolcu, Duyal},
	booktitle = {2023 Conference on Quantum Information Processing},
	year = {2023},
	pages = {207--216},
	title = {One-Way Ticket to Las Vegas and the Quantum Adversary},
}

@article{Khaneja2001Time,
	author = {Khaneja, Navin and Brockett, Roger and Glaser, Steffen J.},
	journal = {Physical Review A},
	number = {3},
	year = {2001},
	publisher = {American Physical Society (APS)},
	title = {Time optimal control in spin systems},
	volume = {63},
}